<?xml version="1.0" encoding="UTF-8"?><collection xmlns="http://www.loc.gov/MARC21/slim"><record><leader>00459nam--2200121-i-4500</leader><controlfield tag="001">000004321</controlfield><controlfield tag="002">20161230</controlfield><controlfield tag="005">20161230201025</controlfield><controlfield tag="008">060222s1000------------r-----000-0-eng-d</controlfield><datafield ind1=" " ind2=" " tag="100"><subfield code="a">Cruse, Kurt Und Huber, Reinhard</subfield></datafield><datafield ind1=" " ind2=" " tag="245"><subfield code="a">Hochfrequenztitration. die chemische analyse mit hochfrequenz ohne galvanischen kontakt zwischen losung und electrode</subfield></datafield><datafield ind1=" " ind2=" " tag="260"><subfield code="a">Weinheim, Verlag Chemie, 1957</subfield></datafield><datafield ind1=" " ind2=" " tag="490"><subfield code="a">Monographien Zu  Angewandte Chemie  Und  Chemie-ingenieur-technik</subfield></datafield></record></collection>